<record><leader>00000cas a22000007a 4500</leader><controlfield tag="001">10266176</controlfield><controlfield tag="008">840105d187u1892txuwr ne      0    0eng d</controlfield><datafield ind1=" " ind2=" " tag="010"><subfield code="a">sn 84022028 </subfield></datafield><datafield ind1=" " ind2=" " tag="040"><subfield code="a">NPX</subfield><subfield code="b">eng</subfield><subfield code="c">NPX</subfield><subfield code="d">NPU</subfield><subfield code="d">PPM</subfield><subfield code="d">OCLCQ</subfield></datafield><datafield ind1=" " ind2=" " tag="042"><subfield code="a">msc</subfield></datafield><datafield ind1=" " ind2=" " tag="043"><subfield code="a">n-us-tx</subfield></datafield><datafield ind1="0" ind2="4" tag="245"><subfield code="a">The Lampasas dispatch.</subfield></datafield><datafield ind1="1" ind2="3" tag="246"><subfield code="a">Dispatch</subfield></datafield><datafield ind1=" " ind2=" " tag="260"><subfield code="a">Lampasas, Tex. :</subfield><subfield code="b">W.T. Melton &amp; C.A. Wooldridge</subfield></datafield><datafield ind1=" " ind2=" " tag="300"><subfield code="a">v. ;</subfield><subfield code="c">63 cm.</subfield></datafield><datafield ind1=" " ind2=" " tag="310"><subfield code="a">Weekly</subfield></datafield><datafield ind1="1" ind2=" " tag="362"><subfield code="a">Ceased in 1892?</subfield><subfield code="z">Cf. Gregory, W. Amer. newspapers.</subfield></datafield><datafield ind1=" " ind2=" " tag="500"><subfield code="a">Publisher: R.E. Owen, &lt;1876&gt;.</subfield></datafield><datafield ind1=" " ind2=" " tag="500"><subfield code="a">Editor: W.P. Beall, &lt;1873&gt;.</subfield></datafield><datafield ind1=" " ind2=" " tag="530"><subfield code="a">Available on microfilm from the Center for American History, The University of Texas at Austin.</subfield></datafield><datafield ind1=" " ind2=" " tag="588"><subfield code="a">Description based on: Vol. 2, no. 34 (Nov. 9, 1872).</subfield></datafield><datafield ind1=" " ind2=" " tag="752"><subfield code="a">United States</subfield><subfield code="b">Texas</subfield><subfield code="c">Lampasas</subfield><subfield code="d">Lampasas.</subfield></datafield><datafield ind1="0" ind2="0" tag="780"><subfield code="t">Weekly dispatch (Lampasas, Tex.)</subfield><subfield code="w">(DLC)sn 86089721</subfield></datafield></record>